<?xml version="1.0" encoding="UTF-8"?><collection xmlns="http://www.loc.gov/MARC21/slim"><record><leader>00508nam--2200133-i-4500</leader><controlfield tag="001">000010126</controlfield><controlfield tag="002">20161230</controlfield><controlfield tag="005">20161230201028</controlfield><controlfield tag="008">060222s1000------------r-----000-0-eng-d</controlfield><datafield ind1=" " ind2=" " tag="245"><subfield code="a">The burr brown electronics series. operational amplifiers. design and application s. jerald g.graeme, editor, part.1, gene e.tob ey, editor, part.2 and lawrence p.huelsman, co nsulting editor</subfield></datafield><datafield ind1=" " ind2=" " tag="260"><subfield code="a">New York, Mcgraw-hill Book Co., 1971</subfield></datafield><datafield ind1=" " ind2=" " tag="490"><subfield code="a">Xvii + 473 P</subfield></datafield><datafield ind1=" " ind2=" " tag="700"><subfield code="a">Graeme, G., Tobey, Gene E</subfield></datafield><datafield ind1=" " ind2=" " tag="852"><subfield code="a">621.375.12</subfield></datafield></record></collection>